1975 2942
236 138 286 189 ΟΔ
297 139 480 190 rmus
502 141 779 200 XV11.91

49 246 169 325 η’μενυςῆ
181 250 270 325 ἕρπων,
282 244 343 305 τάδε
353 245 517 347 πειθόμενος
530 247 596 306 κακά
608 251 680 326 ἔργα,

52 335 128 398 ἐστίν,
142 328 210 406 άτάρ
215 331 361 432 μνηστῆρσι
371 328 450 388 κακόν
462 327 587 429 πάντεσσι
598 331 708 405 φυτεόευ

53 410 110 471 οἷον
121 412 185 489 ἐγὼν
199 412 287 470 οἰωνόν
298 415 437 486 ἐϋσσέλμου
449 415 491 470 ἐπὶ
502 412 561 485 νηὸς
796 426 845 477 160

52 495 142 569 η’μενος
154 493 314 578 ἐφρασάμην,
325 519 368 552 και
360 493 543 571 Ίηλεμάχῳ’
530 494 671 596 τγεγόνευν.

98 577 150 678 Τόν
161 576 187 635 δ
202 601 262 636 αυτε
273 580 403 654 προςίεατε
414 582 542 654 περίφρων
553 578 725 651 Πηνελόπεια·

54 663 84 718 a?
94 659 146 738 γάρ
157 661 242 730 τοίττο,
253 661 350 727 ξεῖνε,
335 682 397 725 επος
408 665 619 735 τετελεσμένον
591 685 641 736 ειη·

52 747 88 820 τῷ
100 767 128 801 κε
140 741 208 816 τάχα
219 747 305 819 γνοίης
316 739 437 815 φιλότητά
448 766 484 812 τε,
496 743 578 802 πολλά
590 769 616 804 τε
628 747 705 822 δῶρα,

52 827 159 901 ἐξέμεά,
170 825 203 892 ὦς
216 823 248 883 άν
259 829 295 890 τίς
307 848 338 882 σε
349 823 532 899 συναντόμενος
543 833 681 903 μακαρίζοι.
796 840 845 891 165

91 908 139 974 Ὧς
152 911 234 984 οἱμὲν
246 908 353 967 τοιαῦτα
364 931 430 983 προς
442 905 562 980 ἀλλήλους
575 908 707 986 ἀγόρευον.
721 947 763 960 --

51 992 193 1069 μνηστῆρες
204 993 232 1050 δὲ
243 988 372 1068 πάροιθεν
382 988 523 1062 Ὀδυσσῆος
534 989 656 1068 μεγάροιο

52 1079 178 1134 δίσκοισιν
189 1078 310 1150 τέρποντο
320 1074 364 1130 καί
376 1074 522 1150 αἷγανίησιν
534 1077 615 1143 ἱέντες,

52 1167 80 1217 ἐν
92 1158 173 1232 τυκτῷ
181 1158 295 1232 δαπέδῳ,
307 1153 357 1216 όθι
367 1180 417 1232 περ
427 1155 512 1232 πάρος
524 1155 596 1234 ὓβριν
607 1158 715 1229 ἔχεσκον.

53 1238 106 1298 ἄλλ’
123 1237 165 1298 ὅτε
176 1239 206 1311 δη
220 1242 367 1310 δείπνηστος
379 1241 428 1309 δην,
440 1241 485 1296 καί
497 1238 612 1311 ἐπήλυθε
622 1241 689 1312 μῆλα
797 1252 845 1300 170

22 1352 26 1357 ·
53 1322 189 1382 πάντοθεν
200 1329 227 1389 ἐξ
239 1320 332 1399 άγρῶν,
345 1324 369 1380 οί
381 1319 405 1378 δ’
415 1319 524 1398 ἤγαγον,
537 1323 565 1380 οἳ
573 1321 604 1380 τὸ
616 1319 700 1398 πάρος
710 1347 766 1400 περ,

53 1409 96 1464 καὶ
107 1403 166 1464 τότε
179 1403 209 1476 δή
223 1429 282 1478 σφιν
294 1406 360 1463 ἔειπε
372 1407 478 1462 Μέδων·
492 1403 521 1471 ὃς
532 1403 584 1482 γάρ
595 1411 628 1482 ῥα
640 1403 750 1480 μάλιστα

53 1490 146 1561 ἥνδανε
157 1488 275 1565 κηρόκων,
286 1491 329 1546 καί
341 1511 401 1562 σφιν
412 1493 579 1564 παρεγίγνετο
592 1490 659 1546 δαιτί
663 1512 669 1525 ·
744 1509 746 1513 ’

94 1573 205 1648 Κοόροι,
214 1568 298 1640 ἐπειδὴ
309 1567 402 1636 πάντες
413 1575 553 1646 ὲιτρφθητε
565 1569 633 1648 φρέν’
648 1568 760 1641 ἀέθλοις,

52 1660 165 1733 ἔρχεσθε
177 1652 241 1730 πρὸς
253 1651 365 1728 δείμαθ’,
377 1651 407 1711 ἵν’
421 1651 584 1728 ἐντυνώμεθα
596 1655 684 1712 δαῗτα·
797 1666 845 1714 175

52 1740 84 1798 οό
91 1743 138 1813 μὲν
149 1735 236 1814 γάρτι
244 1740 342 1814 χέρειον
354 1743 379 1794 ἐν
390 1733 442 1812 ὥρη
455 1738 556 1795 δεῖπνον
567 1741 680 1796 ἑλέσθαι.
697 1791 700 1798 .

89 1821 138 1886 Ὧς
155 1817 245 1893 ἔφαθ’
268 1823 293 1878 οἱ
314 1817 373 1875 δ”
358 1817 493 1886 ανστάντες
513 1821 586 1895 ἔβαν,
611 1819 735 1880 πείθοντό
757 1845 784 1879 τε

460 1901 548 1978 μάθιρ.

53 1987 138 2064 αὐτὰρ
150 1984 242 2046 ἐπει
215 2011 231 2063 ρ
256 1987 339 2045 ίίιοντο
351 1984 481 2061 δόμους
453 1988 652 2054 ευναιετάοντας,

48 2075 157 2143 χλαίνας
167 2074 213 2144 μὲν
225 2073 364 2128 κατέθεντο
376 2094 442 2126 κατα
432 2067 571 2174 κλισμοός
583 2093 609 2126 τε
618 2068 732 2143 θρόνους
744 2092 782 2126 τε

52 2179 78 2212 οι
67 2151 141 2211 δ
132 2156 227 2228 ιε’ρενον
242 2149 280 2218 οῖς
291 2150 422 2257 μεγάλους
428 2153 472 2209 καὶ
483 2155 575 2217 πίονας
588 2148 673 2226 αἶγας,
797 2161 845 2208 180

50 2240 137 2311 ι’ρευον
149 2232 221 2293 δί’
189 2258 254 2300 συας
266 2234 369 2299 σιάλους
380 2259 422 2292 και
414 2234 497 2372 ὲβοόν
509 2231 636 2311 άγελαίην,

51 2317 142 2377 δαττΗ
129 2315 289 2391 ιντυνόμενοι
300 2353 340 2362 ——
357 2318 430 2374 Τολδ
433 2315 509 2382 Ηέξ
493 2323 585 2392 ογροῒο
597 2321 647 2374 πολ
626 2314 706 2374 λι-νδε

50 2400 177 2506 ιότρόνοντ
176 2397 346 2465 ’Ὁδοσεός
325 2423 340 2457 τ
361 2402 424 2457 ίεναι
435 2422 479 2456 και
470 2401 547 2464 δῖος
558 2395 676 2472 ὑφορβός.

51 2492 119 2543 τοῖσι
133 2486 160 2541 δὲ
171 2480 291 2557 μόθων
276 2506 336 2558 ηρχε
346 2479 495 2557 ovssossmcss'
480 2505 592 2582 ορχαμος
605 2481 712 2555 ἀνδρων·

95 2566 170 2636 Ξεῖδ,
183 2568 237 2625 ἐπεὶ
249 2563 283 2640 άρ
296 2565 355 2636 δίχ”
340 2589 425 2624 επειτα
437 2561 571 2622 πόλινδ’
552 2579 560 2620 ἰ
562 2569 614 2622 ι’ται
624 2566 757 2641 μενεαίνεις
797 2568 845 2617 185
